<record><leader>00000cas a22000007a 4500</leader><controlfield tag="001">24163336</controlfield><controlfield tag="008">910801d19261932couwr ne      0    0eng d</controlfield><datafield ind1=" " ind2=" " tag="010"><subfield code="a">sn 91052602 </subfield></datafield><datafield ind1=" " ind2=" " tag="040"><subfield code="a">CNQ</subfield><subfield code="b">eng</subfield><subfield code="c">CNQ</subfield><subfield code="d">OCLCQ</subfield></datafield><datafield ind1=" " ind2=" " tag="042"><subfield code="a">msc</subfield></datafield><datafield ind1="0" ind2="4" tag="245"><subfield code="a">The Kremmling record.</subfield></datafield><datafield ind1=" " ind2=" " tag="260"><subfield code="a">Kremmling, Grand County, Colo. :</subfield><subfield code="b">[s.n.]</subfield></datafield><datafield ind1=" " ind2=" " tag="300"><subfield code="a">v.</subfield></datafield><datafield ind1=" " ind2=" " tag="310"><subfield code="a">Weekly</subfield></datafield><datafield ind1="0" ind2=" " tag="362"><subfield code="a">Vol. 2, no. 9 (Aug. 5, 1926)-v. 5, no. 26 (Jan. 7, 1932).</subfield></datafield><datafield ind1=" " ind2=" " tag="515"><subfield code="a">Numbering is irregular.</subfield></datafield><datafield ind1=" " ind2=" " tag="515"><subfield code="a">Suspended with Mar. 31, 1927 issue; resumed with Sept. 22, 1927 issue.</subfield></datafield><datafield ind1=" " ind2=" " tag="580"><subfield code="a">Issued with: Middle Park times and Kremmling record, Aug. 5, 1926-Jan. 7, 1932.</subfield></datafield><datafield ind1=" " ind2=" " tag="752"><subfield code="a">United States</subfield><subfield code="b">Colorado</subfield><subfield code="c">Grand</subfield><subfield code="d">Hot Sulphur Springs.</subfield></datafield><datafield ind1=" " ind2=" " tag="752"><subfield code="a">United States</subfield><subfield code="b">Colorado</subfield><subfield code="c">Grand</subfield><subfield code="d">Kremmling.</subfield></datafield><datafield ind1="1" ind2=" " tag="777"><subfield code="t">Middle Park times and Kremmling record</subfield><subfield code="w">(DLC)sn 90051795</subfield></datafield></record>